<?xml version="1.0" encoding="UTF-8"?><record xmlns="http://www.loc.gov/MARC21/slim" xmlns:cinclude="http://apache.org/cocoon/include/1.0" xmlns:zs="http://www.loc.gov/zing/srw/">
  <leader>00719cz  a2200169n  4500</leader>
  <controlfield tag="001">n  97800200 </controlfield>
  <controlfield tag="003">DLC</controlfield>
  <controlfield tag="005">20130316092642.0</controlfield>
  <controlfield tag="008">970204n| azannaabn          |b anc      </controlfield>
  <datafield tag="010" ind1=" " ind2=" ">
    <subfield code="a">n  97800200 </subfield>
  </datafield>
  <datafield tag="035" ind1=" " ind2=" ">
    <subfield code="a">(OCoLC)oca04263270</subfield>
  </datafield>
  <datafield tag="040" ind1=" " ind2=" ">
    <subfield code="a">DNLM</subfield>
    <subfield code="b">eng</subfield>
    <subfield code="e">rda</subfield>
    <subfield code="c">DLC</subfield>
    <subfield code="d">DNLM</subfield>
    <subfield code="d">DLC</subfield>
  </datafield>
  <datafield tag="110" ind1="2" ind2=" ">
    <subfield code="a">Hôpitaux universitaires de Genève.</subfield>
    <subfield code="b">Department of Anaesthesiology</subfield>
  </datafield>
  <datafield tag="410" ind1="2" ind2=" ">
    <subfield code="w">nnea</subfield>
    <subfield code="a">Hôpitaux universitaires de Genève.</subfield>
    <subfield code="b">Dept. of Anaesthesiology</subfield>
  </datafield>
  <datafield tag="510" ind1="2" ind2=" ">
    <subfield code="w">r</subfield>
    <subfield code="i">Hierarchical superior:</subfield>
    <subfield code="a">Hôpitaux universitaires de Genève</subfield>
  </datafield>
  <datafield tag="667" ind1=" " ind2=" ">
    <subfield code="a">Could not establish in the vernacular.</subfield>
  </datafield>
  <datafield tag="670" ind1=" " ind2=" ">
    <subfield code="a">Intravenous anaesthesia and antinociception, c1995:</subfield>
    <subfield code="b">t.p. (Dept. of Anaesthesiology, Geneva University Hospital, Geneva, Switzerland)</subfield>
  </datafield>
</record>